@online{bosch_radar,
    title = {Bosch LRR4 77GHz Long Range Radar Sensor},
    year = {2017},
    url = {https://medias.yolegroup.com/uploads/2017/04/Yole_Bosch_LLR4_77GHz_Radar_Flyer_SPC17313.pdf#:~:text=The%20LRR4%20can%20detect%20other%20vehicles%20at,speed%20without%20any%20intervention%20by%20the%20driver.},
    note = {Ultimo accesso: 5 luglio 2025},
    organization = {SYSTEMPlusCONSULTING}
}
